<collection xmlns="http://www.loc.gov/MARC21/slim">
<record>
  <leader>00918nam0a22002171i 450 </leader>
  <controlfield tag="001">IT\ICCU\CNCE\023727</controlfield>
  <controlfield tag="005">20040701000000.0</controlfield>
  <datafield tag="100" ind1=" " ind2=" ">
    <subfield code="a">19970714d1559        0itac0103    ba</subfield>
  </datafield>
  <datafield tag="101" ind1=" " ind2=" ">
    <subfield code="a">ITA</subfield>
  </datafield>
  <datafield tag="102" ind1=" " ind2=" ">
    <subfield code="a">IT</subfield>
  </datafield>
  <datafield tag="200" ind1="1" ind2=" ">
    <subfield code="a">℗Patavinii Bernardi℗ Polimatia</subfield>
  </datafield>
  <datafield tag="210" ind1=" " ind2=" ">
    <subfield code="a">Venetiis: Franciscum Camocium</subfield>
    <subfield code="d">1559</subfield>
  </datafield>
  <datafield tag="300" ind1=" " ind2=" ">
    <subfield code="a">N.B.cfr. Polymathia (23640)</subfield>
  </datafield>
  <datafield tag="620" ind1=" " ind2=" ">
    <subfield code="a">IT</subfield>
    <subfield code="d">Venezia</subfield>
  </datafield>
  <datafield tag="712" ind1="0" ind2="0">
    <subfield code="a">Camocio, Giovanni Francesco</subfield>
    <subfield code="3">IT\ICCU\CNCT\000455</subfield>
    <subfield code="4">650</subfield>
  </datafield>
  <datafield tag="791" ind1="0" ind2="0">
    <subfield code="a">Camotius, Ioannes Franciscus</subfield>
    <subfield code="3">IT\ICCU\CNCT\003659</subfield>
    <subfield code="z">Camocio, Giovanni Francesco</subfield>
  </datafield>
  <datafield tag="791" ind1="0" ind2="0">
    <subfield code="a">Camozio, Giovanni Francesco</subfield>
    <subfield code="3">IT\ICCU\CNCT\003660</subfield>
    <subfield code="z">Camocio, Giovanni Francesco</subfield>
  </datafield>
  <datafield tag="791" ind1="0" ind2="0">
    <subfield code="a">Camocius, Ioannes Franciscus</subfield>
    <subfield code="3">IT\ICCU\CNCT\004415</subfield>
    <subfield code="z">Camocio, Giovanni Francesco</subfield>
  </datafield>
  <datafield tag="791" ind1="0" ind2="0">
    <subfield code="a">Camotio, Gioan Francesco</subfield>
    <subfield code="3">IT\ICCU\CNCT\004418</subfield>
    <subfield code="z">Camocio, Giovanni Francesco</subfield>
  </datafield>
  <datafield tag="801" ind1=" " ind2="3">
    <subfield code="a">IT</subfield>
    <subfield code="b">ICCU</subfield>
    <subfield code="c">20201114</subfield>
  </datafield>
  <datafield tag="899" ind1=" " ind2=" ">
    <subfield code="a">Biblioteca civica Giovanni Battista Adriani. Cherasco</subfield>
    <subfield code="1">CN0030</subfield>
    <subfield code="2">TO0 47</subfield>
  </datafield>
</record>
</collection>
